<record><leader>00000cas a2200000 i 4500</leader><controlfield tag="001">890945179</controlfield><controlfield tag="006">m     o  d        </controlfield><controlfield tag="007">cr |||||||||||</controlfield><controlfield tag="008">140919d18891890ncudn neo     0   a0eng  </controlfield><datafield ind1=" " ind2=" " tag="010"><subfield code="a">  2014218589</subfield></datafield><datafield ind1=" " ind2=" " tag="040"><subfield code="a">DLC</subfield><subfield code="b">eng</subfield><subfield code="e">rda</subfield><subfield code="c">DLC</subfield></datafield><datafield ind1="0" ind2=" " tag="022"><subfield code="a">2374-8966</subfield><subfield code="2">1</subfield></datafield><datafield ind1="1" ind2=" " tag="029"><subfield code="a">NZ1</subfield><subfield code="b">16177508</subfield></datafield><datafield ind1=" " ind2=" " tag="042"><subfield code="a">pcc</subfield><subfield code="a">nsdp</subfield></datafield><datafield ind1=" " ind2=" " tag="043"><subfield code="a">n-us-nc</subfield></datafield><datafield ind1="1" ind2="0" tag="050"><subfield code="a">ISSN RECORD</subfield></datafield><datafield ind1="0" ind2="0" tag="082"><subfield code="a">071</subfield><subfield code="2">23</subfield></datafield><datafield ind1="0" ind2=" " tag="130"><subfield code="a">Daily citizen (Asheville, N.C. : Online)</subfield></datafield><datafield ind1=" " ind2="4" tag="222"><subfield code="a">The daily citizen</subfield><subfield code="b">(Asheville, N.C. Online)</subfield></datafield><datafield ind1="1" ind2="4" tag="245"><subfield code="a">The daily citizen.</subfield></datafield><datafield ind1=" " ind2="1" tag="264"><subfield code="a">Asheville, N.C. :</subfield><subfield code="b">[publisher not identified]</subfield></datafield><datafield ind1=" " ind2=" " tag="300"><subfield code="a">1 online resource</subfield></datafield><datafield ind1=" " ind2=" " tag="310"><subfield code="a">Daily (except Monday)</subfield></datafield><datafield ind1=" " ind2=" " tag="336"><subfield code="a">text</subfield><subfield code="b">txt</subfield><subfield code="2">rdacontent</subfield></datafield><datafield ind1=" " ind2=" " tag="337"><subfield code="a">unmediated</subfield><subfield code="b">n</subfield><subfield code="2">rdamedia</subfield></datafield><datafield ind1=" " ind2=" " tag="338"><subfield code="a">volume</subfield><subfield code="b">nc</subfield><subfield code="2">rdacarrier</subfield></datafield><datafield ind1="1" ind2=" " tag="362"><subfield code="a">Began January 31, 1889; ceased with volume V, no. 302 (March 31, 1890).</subfield></datafield><datafield ind1=" " ind2=" " tag="588"><subfield code="a">Description based on: Volume V, number 95 (August 1, 1889); title from masthead (Chroniclingamerica.loc.gov, viewed September 19, 2014).</subfield></datafield><datafield ind1=" " ind2=" " tag="588"><subfield code="a">Latest issue consulted: Volume V, no. 302 (March 31, 1890) (Chroniclingamerica.loc.gov, viewed September 19, 2014).</subfield></datafield><datafield ind1=" " ind2="0" tag="651"><subfield code="a">Asheville (N.C.)</subfield><subfield code="v">Newspapers.</subfield></datafield><datafield ind1=" " ind2="7" tag="651"><subfield code="a">North Carolina</subfield><subfield code="z">Asheville.</subfield><subfield code="2">fast</subfield><subfield code="0">(OCoLC)fst01205440</subfield></datafield><datafield ind1=" " ind2="7" tag="655"><subfield code="a">Newspapers.</subfield><subfield code="2">fast</subfield><subfield code="0">(OCoLC)fst01423814</subfield></datafield><datafield ind1=" " ind2=" " tag="752"><subfield code="a">United States</subfield><subfield code="b">North Carolina</subfield><subfield code="c">Buncombe</subfield><subfield code="d">Asheville.</subfield></datafield><datafield ind1="0" ind2=" " tag="775"><subfield code="t">Weekly citizen (Asheville, N.C. : Online)</subfield></datafield><datafield ind1="0" ind2="8" tag="776"><subfield code="i">Originally issued in print:</subfield><subfield code="t">Daily citizen (Asheville, N.C.)</subfield><subfield code="x">2374-8958</subfield><subfield code="w">(DLC)sn 91068075</subfield><subfield code="w">(OCoLC)24092139</subfield></datafield><datafield ind1="0" ind2="0" tag="780"><subfield code="t">Asheville citizen (Asheville, N.C. : 1885 : Online)</subfield><subfield code="x">2372-3165</subfield><subfield code="w">(DLC)  2014218275</subfield><subfield code="w">(OCoLC)876858496</subfield></datafield><datafield ind1="0" ind2="0" tag="785"><subfield code="t">Asheville daily citizen (Online)</subfield></datafield><datafield ind1="4" ind2="0" tag="856"><subfield code="u">http://www.loc.gov/chroniclingamerica/lccn/sn91068075/issues</subfield></datafield></record>